<?xml version="1.0" encoding="UTF-8"?><collection xmlns="http://www.loc.gov/MARC21/slim"><record><leader>00395nam--2200169-i-4500</leader><controlfield tag="001">000020756</controlfield><controlfield tag="002">20161230</controlfield><controlfield tag="005">20170119005053</controlfield><controlfield tag="008">060222s1000------------r-----000-0-eng-d</controlfield><datafield ind1=" " ind2=" " tag="080"><subfield code="a">551.51</subfield></datafield><datafield ind1=" " ind2=" " tag="100"><subfield code="a">Budiko, M. I</subfield></datafield><datafield ind1=" " ind2=" " tag="245"><subfield code="a">Istoria atmosfery</subfield></datafield><datafield ind1=" " ind2=" " tag="260"><subfield code="a">Leningrad</subfield><subfield code="b">Ghidrometeoizdat</subfield><subfield code="c">1985</subfield></datafield><datafield ind1=" " ind2=" " tag="300"><subfield code="a">207 p</subfield></datafield><datafield ind1=" " ind2=" " tag="700"><subfield code="a">Ronov, A. B</subfield></datafield><datafield ind1=" " ind2=" " tag="852"><subfield code="a">80672</subfield></datafield><datafield ind1=" " ind2=" " tag="CAT"><subfield code="a">SYS</subfield><subfield code="c">20170119</subfield><subfield code="h">005053</subfield></datafield></record></collection>